<?xml version="1.0" encoding="UTF-8"?><collection xmlns="http://www.loc.gov/MARC21/slim"><record><leader>00381nam--2200133-i-4500</leader><controlfield tag="001">000027278</controlfield><controlfield tag="002">20161230</controlfield><controlfield tag="005">20161230201036</controlfield><controlfield tag="008">060222s1000------------r-----000-0-eng-d</controlfield><datafield ind1=" " ind2=" " tag="100"><subfield code="a">Tannenwald, P.E</subfield></datafield><datafield ind1=" " ind2=" " tag="260"><subfield code="a">Physics Of Quantum Electronics. Conference Proceedings</subfield></datafield><datafield ind1=" " ind2=" " tag="490"><subfield code="a">New York, Mcgraw-hill Book Co., 1966. Xxv Ii+861p</subfield></datafield><datafield ind1=" " ind2=" " tag="700"><subfield code="a">Kelley, P.L., Lax, B</subfield></datafield><datafield ind1=" " ind2=" " tag="852"><subfield code="a">621.375.8</subfield></datafield></record></collection>